%%% Acknowledgement abbreviations:

@String{ack-nhfb = "Nelson H. F. Beebe,
                    University of Utah,
                    Department of Mathematics, 110 LCB,
                    155 S 1400 E RM 233,
                    Salt Lake City, UT 84112-0090, USA,
                    Tel: +1 801 581 5254,
                    FAX: +1 801 581 4148,
                    e-mail: \path|beebe@math.utah.edu|,
                            \path|beebe@acm.org|,
                            \path|beebe@computer.org| (Internet),
                    URL: \path|http://www.math.utah.edu/~beebe/|"}

%%% Journal abbreviations:

@String{j-LECT-NOTES-COMP-SCI   = "Lecture Notes in Computer Science"}

%%% Publishers and their addresses:

@String{pub-PH                  = "Pren{\-}tice-Hall"}
@String{pub-PH:adr              = "Englewood Cliffs, NJ 07632, USA"}


%%% Bibliography entries

@Article{Eisenberg:2002:SXM,
  author =       "Andrew Eisenberg and Jim Melton",
  title =        "{SQL\slash XML} is making good progress",
  journal =      "SIGMOD",
  volume =       "31",
  number =       "2",
  pages =        "101--108",
  month =        jun,
  year =         "2002",
  bibdate =      "Mon Jan 12 07:43:34 MST 2004",
  bibsource =    "http://portal.acm.org/",
  acknowledgement = ack-nhfb,
}

@Article{Elmasri:2002:CMC,
  author =       "Ramez Elmasri and Yu-Chi Wu and Babak Hojabri and
                 Charley Li and Jack Fu",
  title =        "Conceptual Modeling for Customized {XML} Schemas",
  journal =      j-LECT-NOTES-COMP-SCI,
  volume =       "2503",
  pages =        "429--??",
  year =         "2002",
  CODEN =        "LNCSD9",
  ISSN =         "0302-9743",
  bibdate =      "Sat Nov 30 20:57:43 MST 2002",
  bibsource =    "http://link.springer-ny.com/link/service/series/0558/tocs/t2503.htm",
  URL =          "http://link.springer.de/link/service/series/0558/bibs/2503/25030429.htm;
                 http://link.springer.de/link/service/series/0558/papers/2503/25030429.pdf",
  acknowledgement = ack-nhfb,
}

@Book{MM:2015:TIOT,
  author =       "Michael Miller",
  title =        "The Internet of Things: How Smart TVs, Smart Cars, Smart Homes, and Smart Cities Are Changing the World",
  publisher =    "QUE",
  address =      "QUE:800East 96th street Indianapolis, Indiana 46240 USA",
  edition =      "First",
  pages =        "1 - 297",
  year =         "2015",
  ISBN =         "0-7897-5400-2",
  ISBN-13 =      "978-0-7897-5400-4",
  acknowledgement = ack-nhfb,
  keywords =     "Internet of Things",
}

@Book{Rethinking,
  author =       "Francis daCosta",
  title =        "Rethinking the Internet of Things: A Scalable Approach to Connecting Everything",
  publisher =    "Apress Media",
  pages =        "59-76",
  year =         "2013",
  ISBN =         "978-1-4302-5740-0",
  ISBN-13 =      "978-1-4302-5741-7",
  acknowledgement = ack-nhfb,
  keywords =     "Internet of Things, connecting everything",
}

@Book{Abusing,
  author =       "Nitesh Dhanjani",
  title =        "Abusing the Internet of Things",
  publisher =    "O'REILLY",
  pages =        "145-179",
  year =         "2015",
  ISBN =         "063-6-920-03354-7",
  acknowledgement = ack-nhfb,
  keywords =     "Hacking",
}

@Book{Started,
  author =       "Cuno Pfister",
  title =        "Getting Started with the Internet of Things",
  publisher =    "O'REILLY",
  pages =        "27-34",
  year =         "2011",
  ISBN =         "978-1-4493-9357-1",
  acknowledgement = ack-nhfb,
  keywords =     "Device as HTTP client",
}

@Book{Learning,
  author =       "Peter Waher",
  title =        "Learning Internet of Things",
  publisher =    "Packt Publishing",
  pages =        "58-68",
  year =         "2015",
  ISBN =         "978-1-78355-353-2",
  acknowledgement = ack-nhfb,
  keywords =     "HTTP camera",
}

@Book{KeyApplications,
  author =       "Olivier Hersent, David Boswarthick, Osmar Elloumi",
  title =        "The Internet of Things: Key applications and protocols",
  publisher =    "John Wiley \& Sons Ltd",
  pages =        "195-208",
  year =         "2012",
  ISBN =         "978-1-119-99435-0",
  acknowledgement = ack-nhfb,
  keywords =     "Next generation IP-based protocols",
}

@Book{Designing,
  author =       "Adrian McEwen, Hakim Cassimally",
  title =        "Designing the Internet of Things",
  publisher =    "John Wiley \& Sons Ltd",
  pages =        "7-18",
  year =         "2014",
  ISBN =         "978-1-118-43063-7",
  acknowledgement = ack-nhfb,
  keywords =     "Internet of Things",
}

@Article{Nsr:2015:CMC,
  author =       "Alan Crisp",
  title =        "Internet of Things: prime time for satellite?",
  year =         "2015",
  URL =          "http://www.nsr.com/news-resources/the-bottom-line/internet-of-things-prime-time-for-satellite/"
  acknowledgement = ack-nhfb,
}

@Article{IotWPolsce:2015:CMC,
  author =       "M. Grodner, W. Kokot, P. Kolenda, K. Krejtz, A. Legoń, P. Rytel, R. Wierzbiński",
  title =        "Internet Rzeczy w Polsce",
  year =         "2015",
  URL =          "http://www.nsr.com/news-resources/the-bottom-line/internet-of-things-prime-time-for-satellite/"
  acknowledgement = ack-nhfb,
}

@Article{Gsma:2011:CMC,
  author =       "GSMA",
  title =        "Vision of Smart Home: The Role of Mobile in the Home of the Future",
  year =         "2011",
  URL =          "http://www.gsma.com/connectedliving/wp-content/uploads/2012/03/vision20of20smart20home20report.pdf"
  acknowledgement = ack-nhfb,
}

@Article{Gfk:2015:CMC,
  author =       "GfK",
  title =        "Smart Home: Making the smart home a reality",
  year =         "2015",
  URL =          "https://www.gfk.com/fileadmin/user_upload/dyna_content/Global/documents/Reports/GfK-smart-home-teaserdeck-global.pdf"
  acknowledgement = ack-nhfb,
}

@Article{Kaspersky:2014:CMC,
  author =       "R. Martinez, J. A. Guerrero",
  title =        "Wear the Danger",
  year =         "2014",
  URL =          "http://newsroom.kaspersky.eu/en/texts/detail/article/wear-the-danger-kaspersky-lab-experts-warn-of-security-risks-facing-wearable-connected-devices"
  acknowledgement = ack-nhfb,
}

@Article{Ks:2014:CMC,
  author =       "Komputer Świat",
  title =        "Internet Rzeczy - czym jest i jakie niesie zagrożenia",
  year =         "2016",
  URL =          "http://www.komputerswiat.pl/sekcje-specjalne/klikaj-bezpiecznie/zagrozenia/internet-rzeczy-czym-jest-i-jakie-niesie-zagrozenia.aspx"
  acknowledgement = ack-nhfb,
}

@Article{Npm:2014:CMC,
  author =       "Stefan Baumgartner",
  title =        "Using NPM Packages",
  year =         "2014",
  URL =          "https://themeteorchef.com/snippets/using-npm-packages"
  acknowledgement = ack-nhfb,
}

@Article{KA:2009:iot,
  author =       "Kevin Ashton",
  title =        "That 'Internet of Things' Thing",
  year =         "2009",
  URL =          "http://www.rfidjournal.com/articles/view?4986"
  acknowledgement = ack-nhfb,
}

@Article{RP:2015:IOTPL,
  author =       "M. Grodner, W. Kokot, P. Kolenda, K. Krejtz, A. Legoń, P. Rytel, R. Wierzbiński",
  title =        "Raport - INTERNET RZECZY W POLSCE",
  year =         "2015",
  URL =          "http://iab.org.pl/wp-content/uploads/2015/09/Raport-Internet-Rzeczy-w-Polsce.pdf"
  acknowledgement = ack-nhfb,
}

@Book{beck,
  author =       "Badowski Mateusz, Benduch Dorota",
  title =        "Internet rzeczy. Bezpieczeństwo w Smart City",
  publisher =    "C.H. BECK",
  edition =      "Pierwsze",
  pages =        "1 - 384",
  year =         "2016",
  ISBN =         "9788325579302",
  acknowledgement = ack-nhfb,
  keywords =     "Smart City",
 }
 
 @Article{toster,
  author =       "pragya singh p",
  title =        "IoT \& Internet of things applications Online – Smart Living but Safety First!",
  year =         "2015",
  URL =          "http://www.letechworld.com/blog-iot-smart-living-but-safety-first/"
  acknowledgement = ack-nhfb,
  }
  
   @Article{miasta,
  author =       "Piotr Prajsnar",
  title =        "Internet rzeczy? To nie to, co myślisz...",
  year =         "2015",
  URL =          "http://www.forbes.pl/czym-jest-internet-rzeczy-,artykuly,195983,1,1.html#"
  acknowledgement = ack-nhfb,
  }
  
  @Article{harvard,
  author =       "STEFAN FERBER",
  title =        "Jak internet rzeczy wpływa na naszą rzeczywistość",
  year =         "2015",
  URL =          "http://www.hbrp.pl/news.php?id=1073"
  acknowledgement = ack-nhfb,
  }
  
  @Article{gates,
  author =       "Bill Gates",
  title =        "Why being lazy and procrastinating could make you wildly successful",
  year =         "2012",
  URL =          "http://www.telegraph.co.uk/finance/jobs/11387292/Why-being-lazy-and-procrastinating-could-make-you-wildly-successful.html"
  acknowledgement = ack-nhfb,
  }